2535 3250
322 85 391 155 33
1080 98 1403 145 ·—-5--

158 231 198 264 et
232 222 424 273 obscuri,
461 207 703 265 Nicomachi
738 224 928 273 scribae,
966 222 1116 265 malitia
1151 224 1270 280 quasi
1308 222 1542 264 clanculum
1577 229 1619 263 et
1659 220 1864 263 insciente
1898 220 2056 276 populo
2090 221 2334 276 perfeetum.

133 294 320 355 ‘Novum
346 309 446 337 sane
472 294 706 349 iuventam,
742 296 819 337 sed
845 295 960 338 cuius
987 296 1079 353 ipsa
1103 297 1262 338 novitas
1277 325 1289 347 ,
1325 296 1407 337 nisi
1433 295 1685 355 argumentis
1710 295 1906 336 fulci-tm·
1939 293 2157 335 admodum
2190 293 2336 342 firmis,

157 381 401 424 perpaucos
416 367 601 410 habitura
626 369 680 410 sit
706 367 995 411 adsentientes.
1050 369 1165 426 Quid
1190 376 1254 412 est
1277 368 1427 426 igitur,
1464 370 1576 426 quod
1603 369 1654 412 de
1679 368 1935 414 Nicomacho
1975 368 2147 425 eiusque
2182 365 2336 408 facino-

156 441 296 492 ribus,
325 445 404 480 'aut
429 441 481 480 de
507 442 648 495 leg-nm
673 443 747 482 illo
773 449 956 497 tempore
991 444 1342 483 instauranda-um
1369 451 1410 483 et
1434 444 1760 499 supplendorum
1784 444 1944 485 ratione
1971 441 2141 483 Scottus
2180 440 2335 489 afferat,

157 525 240 568 quo
265 527 354 554 rem
380 525 453 555 sua
479 521 620 556 natura
645 530 788 571 parum
814 516 1054 558 credibilem
1080 517 1198 558 nobis
1224 517 1465 572 persuaderi
1490 532 1616 572 posse
1643 518 1814 573 speret?
1867 516 1987 559 Nihil
2012 529 2184 570 prorsus
2201 542 2213 564 ,
2253 513 2335 552 nisi

159 585 270 640 quod
307 585 459 626 dudum
494 601 635 628 omnes
673 588 716 628 in
743 587 893 644 Lysiae
927 588 1108 631 oratione
1141 589 1345 646 leg-imuse
1386 589 1515 631 fuisse
1551 590 1670 633 illum
1704 590 1818 633 servi
1850 589 2010 646 publici
2043 588 2197 638 filium,
2241 599 2334 626 mox

157 658 362 699 civitatem
390 660 603 714 adeptum,
632 661 781 701 deiude
808 662 984 702 scribam
1008 664 1162 704 factum
1186 677 1296 715 esse,
1322 663 1635 718 mandatumque
1664 664 1704 704 ei
1726 671 1772 705 ut
1796 663 1915 719 leges
1944 662 2118 703 civitatis
2144 661 2195 699 de
2223 666 2334 699 vete·

157 731 271 771 ribus
296 731 446 773 tabulis
473 732 517 773 in
543 748 670 775 novas
696 734 1034 784 transscriberet,
1071 735 1138 775 cui
1164 736 1329 792 negotio
1358 751 1483 792 quum
1520 744 1708 792 quattuor
1741 751 1907 778 menses
1943 734 2148 791 praefiniti
2176 739 2331 779 essent,

156 803 292 858 ipsum
318 818 394 845 sex
420 820 548 847 annos
574 806 862 862 insumpsisse,
891 808 1075 863 adeoque
1093 809 1198 850 mala
1220 810 1298 850 lide
1321 823 1442 851 usum
1467 824 1577 861 esse,
1606 817 1652 850 ut
1676 824 1698 850 e
1720 809 1884 864 legibus
1909 823 2010 863 quas
2033 806 2117 862 ipsi
2142 805 2333 845 libuisset

157 882 225 916 aut
255 877 462 932 reciperet
498 886 566 920 aut
590 879 820 932 omitteret,
859 895 938 921 nec
972 895 1068 921 raro
1106 883 1328 924 contrarias
1357 883 1466 925 inter
1501 897 1546 923 se
1579 889 1621 924 et
1648 890 1878 938 pugnantes
1913 880 2168 935 litigantibus
2196 877 2331 933 pretio

156 949 376 991 vendet-etz
402 953 679 1007 permansisse
707 960 840 994 autem
866 953 910 993 in
932 955 1010 995 hoe
1033 955 1200 1010 negotio
1224 969 1355 1011 usquc
1378 956 1430 997 ad
1453 956 1612 996 cladem
1633 956 1696 996 rei
1718 955 1926 1010 publicae,
1951 956 1994 994 h.
2015 968 2053 993 e.
2078 953 2129 992 ad
2151 965 2331 1006 pugnam

156 1021 488 1077 Hellespontian
522 1032 564 1065 et
598 1025 719 1065 XXX
754 1026 937 1075 virorum
971 1026 1312 1081 dominationem,
1360 1027 1509 1069 deinde
1543 1028 1708 1069 exulem
1740 1028 1918 1079 factum,
1968 1041 2065 1067 mox
2100 1038 2330 1073 reversum,

158 1103 278 1148 atque
319 1095 451 1135 eidem
488 1110 630 1135 rursus
665 1097 833 1149 negotio
870 1099 1074 1138 admotum
1111 1114 1189 1153 per
1225 1100 1536 1153 quadriennium
1564 1114 1649 1139 non
1682 1100 1830 1138 melius
1867 1112 1911 1138 se
1941 1113 2062 1152 quam
2097 1104 2214 1136 antea
2242 1107 2335 1148 ges-

157 1166 264 1209 sisse
281 1164 337 1220 ⁶).
390 1166 510 1210 Haec
536 1168 626 1209 fere
653 1174 766 1217 sunt,
796 1182 899 1222 quae
927 1169 978 1209 ab
1006 1178 1243 1211 accusatore
1270 1170 1533 1211 obiiciuntur.
1586 1169 1776 1225 Apparet
1802 1178 1951 1221 autem,
1980 1170 2017 1210 si
2043 1170 2190 1210 fecerit
2212 1168 2337 1208 Nico-

157 1241 341 1292 machus,
361 1241 484 1296 ‘quod
510 1239 679 1281 Scottus
707 1248 961 1283 commentus
989 1250 1068 1294 est,
1099 1257 1182 1283 non
1209 1257 1334 1298 posse
1360 1244 1439 1284 hoc
1465 1244 1547 1285 nisi
1575 1258 1625 1284 eo
1652 1251 1837 1298 tempore
1864 1243 2017 1283 factum
2045 1241 2182 1288 credi,
2214 1252 2338 1294 quum

156 1320 252 1367 post
275 1313 502 1354 restitutam
525 1313 756 1353 libertatem
782 1315 1205 1355 transscribendarum
1227 1315 1365 1370 legum
1389 1316 1555 1371 negotio
1580 1316 1727 1356 iterum
1750 1317 2005 1370 fungeretur.
2060 1313 2191 1367 Atqui
2218 1312 2338 1352 buius

158 1388 289 1426 omnis
316 1387 512 1441 temporis
540 1387 746 1428 accusatio
773 1389 881 1443 apud
902 1388 1069 1443 Lysiam
1095 1388 1138 1427 in
1164 1402 1215 1428 eo
1238 1388 1441 1438 consistit,
1469 1389 1645 1443 primum
1671 1396 1715 1429 ut
1741 1389 1840 1429 alias
1861 1389 1977 1443 leges
2002 1385 2337 1440 transscripsissc

158 1459 257 1500 alias
286 1460 516 1511 delevisse,
552 1459 701 1507 deinde
729 1468 773 1501 ut
800 1461 929 1502 sacris
956 1461 1178 1517 antiquitus
1206 1461 1401 1503 institutis
1430 1477 1535 1502 nova
1565 1462 1761 1516 quaedam
1789 1475 1864 1516 pro
1894 1475 1969 1501 suo
1997 1460 2190 1500 arbitratu
2227 1457 2338 1497 addi-

159 1533 270 1574 disse
297 1533 478 1574 dicatur:
508 1548 589 1589 qua
613 1534 656 1574 in
683 1548 727 1574 re
755 1542 888 1574 utrum
918 1549 1014 1575 vere
1044 1550 1151 1576 nova
1177 1535 1267 1590 ipse
1294 1535 1507 1586 intulerit,
1545 1550 1595 1575 an
1623 1535 1899 1575 tantummodo
1925 1534 2073 1582 multa,
2111 1546 2216 1587 quae
2245 1545 2339 1585 pse-

157 1608 370 1663 phismatis
396 1607 607 1662 paullatim
630 1606 860 1648 introducta
886 1614 1023 1659 erant,
1060 1607 1104 1647 in
1130 1608 1271 1663 legum
1298 1608 1586 1660 collectionem
1611 1608 1842 1662 receperit,
1873 1607 2036 1647 difficile
2065 1612 2130 1646 est
2157 1604 2209 1644 ad
2237 1604 2338 1643 diiu-

159 1680 392 1721 dicandum.
445 1679 551 1721 Nam
585 1681 834 1721 accusatoris
873 1680 1175 1721 criminationes
1204 1687 1353 1736 quanta
1389 1695 1482 1720 cum
1516 1681 1703 1721 cautione
1739 1680 1961 1721 audiendae
1989 1679 2096 1731 sint,
2131 1677 2336 1718 neminem

157 1754 278 1810 fugit.
335 1753 423 1795 Sed
448 1754 500 1793 de
530 1761 611 1794 tam
638 1753 792 1808 insigni
819 1761 1004 1795 veterum
1036 1754 1175 1809 legum
1209 1754 1554 1808 interpolatione,
1592 1768 1697 1808 quae
1736 1754 1960 1794 occultaret
1984 1753 2121 1793 subito
2144 1751 2337 1806 suffragia

160 1827 260 1868 olim
284 1826 418 1882 palam
444 1826 547 1867 ferri
570 1826 715 1876 solita,
743 1841 790 1867 ac
816 1827 936 1881 proin
961 1827 1084 1881 plane
1114 1827 1316 1867 diversam
1340 1826 1583 1867 iudiciorum
1606 1826 1807 1867 rationem
1832 1827 2011 1877 faceret,
2041 1841 2092 1866 ne
2122 1824 2337 1865 verbulum

159 1900 328 1956 quidem
361 1915 384 1940 a
416 1899 544 1955 Lysia
578 1899 732 1940 dictum
767 1914 884 1951 esse,
932 1900 1026 1954 quis
1061 1914 1146 1940 non
1185 1900 1386 1941 miretur?
1438 1900 1510 1941 An
1536 1907 1680 1955 postea
1707 1901 1872 1940 demum
1904 1899 2009 1939 illud
2034 1914 2057 1939 a
2085 1898 2336 1938 Nicomacho

158 1973 311 2014 factum
337 1986 431 2014 esse
459 1972 699 2022 credemus,
738 1978 784 2012 ut
810 1972 905 2026 qui,
943 1972 1153 2013 absolutus
1179 1974 1258 2013 hoc
1293 1971 1471 2024 iudicio,
1509 1973 1630 2013 etiam
1656 1973 1808 2013 diutius
1844 1972 1925 2012 isto
1950 1972 2089 2027 legum
2124 1968 2335 2010 transscri-

158 2045 383 2087 bendarum
408 2044 576 2100 negotio
599 2044 719 2099 fungi
744 2044 955 2098 potuerit?
1007 2044 1079 2086 An
1107 2045 1273 2100 Lysiam
1302 2045 1406 2085 illud
1434 2045 1739 2101 reprehendere
1762 2045 1971 2096 noluisse,
1999 2051 2139 2099 utpote
2167 2058 2248 2083 non
2277 2043 2334 2080 in·

159 2126 319 2175 gratum
345 2118 397 2159 iis
424 2118 533 2173 apud
559 2132 663 2173 quos
691 2117 837 2172 agebat
863 2118 1100 2158 iudicibus?
1154 2117 1268 2171 Quid
1289 2116 1436 2159 Scotto
1460 2119 1644 2174 placcat,
1671 2118 1816 2159 nescio
1829 2121 1891 2172 ⁷):
1919 2118 2019 2159 mihi
2045 2131 2144 2159 vero
2158 2144 2171 2166 ,
2201 2114 2333 2155 omnia

200 2281 240 2325 6)
261 2278 565 2328 scottum-quum
587 2294 625 2329 p.
646 2287 690 2326 42
713 2282 755 2315 de
777 2284 944 2315 sexennio
968 2288 1110 2314 tantum
1134 2277 1318 2325 loquatur,
1343 2282 1564 2326 quadriennii
1586 2282 1728 2316 nullam
1751 2283 1977 2316 mentionem
2001 2281 2126 2320 faciat,
2151 2291 2223 2312 non
2247 2278 2329 2311 satis

287 2346 452 2373 accurato
466 2339 600 2384 Lysiae
622 2338 869 2372 narrationem
893 2350 913 2371 a
936 2350 972 2372 se
995 2338 1127 2371 lectam
1151 2349 1225 2371 esse
1249 2339 1421 2372 ostendit.
1467 2340 1603 2376 Verum
1628 2340 1804 2374 viderunt
1823 2340 1866 2374 G.
1883 2341 1926 2373 R.
1942 2340 2096 2379 Sievers,
2120 2344 2328 2369 commenta.

287 2398 421 2432 histor.
442 2396 485 2431 do
506 2397 768 2444 Xenophontis
790 2395 996 2430 Hellenicis
1028 2395 1213 2440 (Berolin.
1238 2400 1332 2440 1853.
1352 2398 1404 2439 8.)
1428 2410 1465 2443 p.
1487 2409 1531 2442 73
1554 2408 1589 2433 et
1609 2397 1679 2432 Th.
1700 2397 1837 2445 Bergk.
1868 2409 1923 2444 sp.
1946 2395 2112 2430 Schiller.
2144 2393 2185 2425 ad
2208 2391 2329 2425 Ando-

290 2455 362 2490 cid.
385 2454 506 2499 (Lipn.
525 2456 640 2498 ¹835.)
663 2467 698 2501 p.
721 2461 919 2498 141—155.
963 2453 1057 2488 Add.
1073 2455 1117 2486 L.
1132 2453 1346 2487 Hoelscher.
1372 2455 1415 2488 de
1438 2456 1517 2488 vira
1541 2465 1575 2489 et
1599 2455 1745 2500 scriptis
1761 2455 1891 2500 Lysiae
1915 2452 2054 2496 (Berol.
2072 2452 2181 2493 ³837.)
2204 2462 2239 2494 p.
2256 2460 2329 2490 ¹¹5-

199 2517 238 2560 7)
260 2514 299 2549 Si
321 2520 486 2547 constare
510 2511 582 2545 sibi
605 2511 714 2553 velit,
738 2512 838 2545 illu'd
853 2512 1008 2545 alterum
1027 2509 1200 2555 amplecti
1219 2511 1379 2552 debebit,
1403 2513 1505 2557 quod
1519 2513 1722 2557 posteriore
1745 2512 1829 2545 loco
1848 2524 1866 2544 a
1882 2523 1940 2544 rne
1959 2510 2117 2555 positum
2136 2517 2200 2541 est.
2232 2508 2328 2541 Nam

289 2568 433 2606 occulta
456 2569 630 2617 suffragia
647 2579 982 2604 commemorantur
1002 2568 1078 2602 iam
1100 2568 1141 2601 in
1157 2568 1322 2603 oratione
1339 2570 1473 2614 Lysiae
1497 2580 1562 2604 ctr.
1574 2570 1861 2609 Eratosthenem,
1885 2580 1988 2613 quae,
2010 2566 2041 2599 si
2062 2576 2137 2598 non
2155 2564 2327 2609 proximo

286 2636 370 2675 post
389 2625 586 2660 Euclidem
608 2638 721 2667 anno,
743 2637 785 2660 ut
806 2627 976 2673 plerique
998 2635 1184 2666 statuunt,
1207 2636 1303 2660 certe
1327 2637 1408 2661 ante
1430 2628 1525 2661 hanc
1548 2637 1672 2661 contra
1693 2624 1956 2660 Nicomachum
1979 2623 2181 2656 orationem
2204 2620 2329 2653 habita

289 2694 356 2722 est·
400 2682 572 2719 Ceterum
595 2696 725 2731 operae
746 2684 908 2732 pretium
933 2695 987 2720 est
1004 2684 1316 2727 animadvertere,
1337 2695 1513 2731 quantum
1536 2687 1679 2719 Scottus
1701 2680 1962 2728 interpretandi
1985 2689 2058 2713 arte
2082 2678 2221 2712 valeat:
2244 2692 2330 2712 nam

287 2754 404 2791 quum
426 2741 557 2788 Lysias
580 2741 804 2788 simpliciter
826 2743 923 2776 dicat
946 2744 978 2785 ς.
999 2754 1060 2788 9¹²
1088 2742 1135 2787 μή
1159 2743 1271 2777 οἴεσθε
1290 2742 1437 2789 κρύβδην
1465 2743 1527 2786 τήν
1547 2742 1662 2786 ψῆφον
1690 2741 1793 2776 εἶναι·
1823 2738 1971 2783 φανεράν
1999 2737 2064 2781 γάρ
2086 2737 2129 2783 τῇ
2149 2738 2247 2773 πόλει
2267 2739 2330 2782 τήν

287 2802 448 2847 ὦμετέραν
467 2799 602 2846 γνώμην
621 2800 796 2845 ποιήσει-ετ
821 2800 946 2848 quales
969 2802 1167 2836 sententiae
1190 2802 1302 2836 etiam
1326 2801 1421 2848 apud
1441 2801 1661 2848 posteriores
1683 2808 1840 2833 oratores
1861 2809 1936 2831 non
1958 2808 2039 2831 raro
2063 2796 2328 2830 inveniuntur:

288 2861 434 2894 Scottus
455 2858 590 2914 Lysiae
619 2858 712 2894 hanc
733 2868 894 2895 mentem
919 2871 994 2895 esso
1016 2860 1088 2896 ait:
1121 2859 1235 2896 Think
1264 2868 1325 2894 not
1353 2859 1430 2893 chae
1455 2870 1550 2905 your
1579 2869 1651 2891 new
1671 2855 1836 2901 privilege
1856 2855 1919 2888 luas
1940 2855 2040 2888 made
2060 2866 2136 2901 you
2159 2855 2329 2901 indepen-
