2535 3250
204 65 507 150 v
527 16 620 146 Ε
624 79 704 150 Ε
739 79 852 148 SI
889 80 957 145 T
984 80 1063 145 A
1082 78 1152 144 T
1182 78 1298 147 Is
1377 77 1889 147 LITTER
1925 80 1986 149 A
2022 79 2248 148 RIA
2284 82 2347 147 Ε

207 213 211 220 -
431 206 465 222 --
678 219 680 221 -
768 194 1741 263 GRYPHISVALDENSIS
1844 212 1852 218 ·
2009 214 2011 216 ·

233 340 241 359 Ξ
466 332 550 376 -
1076 315 1081 321 ”
1116 305 1358 382 ΕΕοτοΕ

154 384 524 434 .,
566 401 969 468 10ANNES
1002 375 1281 518 AUGU's
1283 392 1435 502 rUs
1483 402 1880 505 GRET
1976 392 1979 394 ’
2072 413 2456 614 AVJJU
2511 487 2535 555 ζ

853 586 1164 654 ’ξεΕΝΑΤυ
1210 547 1561 640 AcAniiumG
1612 610 1615 612 ·
1684 613 1687 615 -

259 717 266 724 .
499 721 502 723 .
965 723 1007 728 f.
1168 702 1200 730 S·
1273 701 1323 731 D-

400 780 438 821 c
499 754 804 828 1,v÷1.'13
870 755 912 824 U
977 783 1005 824 s
1121 753 1281 841 ,Ac
1342 758 1388 822 ‘A
1453 779 1495 818 D
1561 781 1599 820 Ε
1665 781 1722 821 Μ
1786 782 1905 839 rc
1972 784 1992 822 1
2055 781 2102 824 s,

934 898 1580 927 wm-

366 968 448 1061 Iu
476 1022 620 1062 liberis
648 1024 904 1074 civitatibus,
931 1026 1003 1065 ubi
1028 1040 1184 1066 summa
1209 1040 1278 1066 res
1305 1026 1471 1080 publica
1495 1021 1639 1078 populi
1662 1021 1870 1062 volunttte
1896 1022 2212 1074 administratur,
2242 1024 2340 1063 eivi-

161 1101 313 1143 umque
342 1092 545 1148 suffragiis
575 1093 642 1133 vel
666 1095 933 1156 magistratus
970 1104 1183 1157 creantur,
1213 1097 1287 1136 vel
1322 1098 1438 1150 leges
1476 1096 1732 1145 sciscuntur,
1770 1093 1838 1132 vel
1872 1092 2023 1133 iudicia
2058 1094 2182 1144 liunt,
2218 1096 2340 1136 facilc

164 1170 333 1217 apparet
350 1164 579 1220 plurimum
606 1166 834 1219 interesse,
872 1168 965 1223 quis
994 1169 1116 1208 suffra
1148 1168 1279 1209 iorum
1313 1166 1576 1207 ferendorum
1603 1166 1747 1206 modus
1776 1165 1854 1215 sit,
1892 1173 2037 1220 estque
2073 1167 2149 1207 hoc
2179 1176 2219 1208 et
2245 1169 2342 1209 olim

163 1235 233 1273 diu
269 1236 523 1293 multumque
561 1240 787 1293 quaesitum
806 1242 867 1294 ¹),
908 1249 950 1282 et
986 1185 1708 1305 nummum
1736 1238 1972 1291 quaeritur,
2011 1238 2169 1279 clamne
2209 1255 2256 1279 ea
2294 1256 2343 1281 au

164 1307 300 1362 pulum
323 1309 423 1375 ferri
450 1311 597 1352 melius
626 1312 694 1351 sit.
748 1312 853 1352 Nam
880 1301 1041 1354 occulta
1068 1314 1235 1369 quidem
1270 1312 1460 1367 suffragia
1489 1325 1612 1365 quum
1641 1310 1868 1349 libertatem
1897 1310 2056 1350 civibus
2084 1313 2190 1351 haud
2221 1313 2342 1353 dubie

164 1371 356 1423 maiorem
383 1393 592 1437 praestare
619 1387 855 1436 videantur,
892 1395 978 1426 tum
1006 1389 1230 1427 verendum
1260 1395 1323 1426 est
1348 1395 1506 1434 tamen,
1543 1399 1594 1423 nc
1622 1385 1693 1423 illa
1720 1384 1911 1433 libertas,
1948 1386 2062 1424 nulla
2090 1387 2343 1440 optimatium

163 1455 399 1495 auctoritate
427 1457 582 1498 frenata
609 1465 651 1498 et
678 1458 881 1511 coercita,
920 1459 962 1499 in
1003 1460 1208 1500 licentiam
1238 1466 1279 1498 et
1305 1456 1570 1497 temeritatem
1599 1456 1739 1506 abeat3
1778 1456 1930 1509 apertis
1966 1464 2097 1497 autem
2134 1467 2176 1498 ct
2210 1461 2342 1501 cuivis

162 1526 270 1567 uotis
298 1516 501 1585 stnffragiis
529 1530 607 1571 hoc
635 1530 755 1571 facilc
785 1532 880 1572 mali
906 1532 1177 1582 admiscetur,
1205 1538 1249 1572 ut
1276 1529 1483 1570 tenuiores
1513 1528 1642 1577 cives,
1672 1528 1825 1583 quippe
1854 1529 2179 1582 opulentioribus
2205 1533 2343 1573 multis

162 1599 294 1639 modis
323 1602 513 1653 obnoxii,
548 1618 631 1643 non
666 1591 851 1645 audeaut.
877 1605 1059 1645 sciscere
1095 1619 1198 1658 qnae
1234 1605 1298 1644 his
1328 1603 1550 1658 displicere
1579 1602 1767 1649 videant,
1808 1616 1938 1656 eoque
1968 1612 2076 1643 metu
2114 1607 2343 1660 praepediti

161 1673 618 1730 magisex'paucorum
644 1677 871 1730 potentium
899 1677 1082 1725 arbitrio,
1111 1691 1231 1730 quam
1253 1690 1304 1715 ex
1329 1675 1395 1714 sui
1423 1674 1547 1713 animi
1576 1674 1775 1713 sententia
1797 1675 2032 1729 suffrag-ium
2061 1676 2171 1716 ferre
2192 1692 2340 1733 cogan-

162 1752 240 1785 tur.
297 1746 520 1803 Utriusque
549 1750 673 1804 igitur
699 1750 866 1790 rationis
894 1750 1081 1790 acerrimi
1115 1750 1221 1803 apud
1247 1749 1466 1788 Britannos
1503 1755 1543 1787 et
1576 1747 1736 1800 patroni
1774 1747 1991 1788 extiterunt
2026 1756 2067 1789 ct
2104 1750 2342 1800 adversarii,

161 1818 408 1875 fueruntque
436 1821 476 1861 in
506 1822 569 1863 his
599 1822 669 1877 qui
695 1808 944 1878 argumentis
973 1837 1024 1862 ex
1052 1822 1140 1877 ipsa
1168 1821 1228 1862 rei
1256 1828 1396 1861 natura
1424 1826 1464 1859 ct
1492 1818 1735 1859 condicione
1759 1818 1891 1859 ductis
1920 1820 2038 1860 etiam
2060 1823 2342 1877 exemplorum

159 1892 320 1946 pondus
343 1893 493 1935 addere
521 1895 733 1937 studerent
747 1910 805 1935 ex
833 1903 1013 1935 veterum
1043 1896 1287 1951 populorum
1317 1892 1484 1934 historia
1506 1891 1739 1947 petitorum.
1795 1892 1965 1933 Factum
1988 1901 2050 1934 cst
2074 1886 2206 1935 autem
2233 1897 2341 1951 apud

162 1955 383 2020 utrosque,
413 1969 453 2007 id
483 1970 593 2023 quod
622 1971 728 2009 solet
755 1969 841 2006 scre
870 1969 922 2006 in‘
940 1969 1170 2008 huiusmodi
1192 1967 1540 2012 contentionibus,
1571 1973 1613 2003 ut
1640 1966 1679 2003 in
1708 1968 1953 2019 usurpandis
1983 1968 2174 2007 historiae
2203 1985 2341 2008 ιιιοιιιι-

152 2031 309 2081 *mentis
333 2042 503 2095 partium
532 2042 713 2083 studium
731 2042 940 2083 sobrietati
962 2042 1103 2083 iudicii
1129 2042 1315 2083 nonnihil
1338 2043 1533 2090 officeret,
1563 2047 1603 2079 ct
1631 2051 1706 2093 pro
1735 2054 1833 2080 vero
1861 2041 2093 2092 haberetur,
2124 2058 2205 2083 non
2232 2045 2340 2098 quod

141 2116 336 2172 quisque
361 2122 475 2157 certa
503 2116 658 2157 ratione
686 2131 737 2157 ex
765 2124 946 2157 veterum
975 2115 1219 2171 scriptorum
1248 2116 1491 2157 testimoniis
1519 2114 1783 2171 collegisset,
1812 2114 1887 2157 sed
1914 2114 2063 2169 quod'
2052 2129 2140 2170 ipse
2171 2116 2338 2157 maxime

161 2204 301 2229 verum
332 2204 424 2229 csse
460 2196 645 2244 cuperet.
702 2190 796 2229 Iloc
825 2189 966 2229 vitium
994 2189 1330 2230 animadvertisse
1358 2191 1478 2232 nobis
1509 2190 1695 2230 videmur
1730 2188 1773 2227 in
1811 2187 2105 2241 scriptiuncula
2136 2189 2185 2228 de
2212 2189 2336 2228 Athe-

161 2263 363 2303 niensium
391 2263 596 2317 suffrag-iis
624 2271 765 2303 contra
792 2262 943 2303 occulti
970 2262 1153 2318 suffragii
1180 2250 1422 2304 defensores
1450 2280 1473 2304 a
1499 2264 1618 2303 docto
1649 2260 1823 2316 quodam
1853 2261 1966 2311 viro,
1995 2233 2178 2300 lioba-to
2204 2260 2333 2311 Scott‚

160 2335 414 2387 Oxouiensi‚
456 2335 721 2377 Balliolensis
750 2336 917 2392 collegii
943 2343 1101 2386 tutore,
1142 2349 1275 2392 nuper
1301 2336 1409 2377 edita
1423 2339 1487 2388 2)·
1516 2350 1619 2391 qnae
1648 2348 1773 2391 quum
1801 2347 1899 2375 casu
1928 2333 2139 2388 quodam
2127 2348 2167 2372 m
2195 2347 2334 2374 manus

160 2419 320 2451 nostras
346 2410 562 2459 inciderit,
591 2418 632 2450 et
657 2425 734 2449 nos
762 2425 927 2463 quoque
955 2407 1196 2449 nominatim
1220 2410 1263 2456 in
1299 2424 1346 2449 ea
1372 2410 1604 2464 impugnari
1631 2409 1880 2454 viderimus,
1915 2422 1995 2445 non
2031 2407 2200 2444 alienam
2229 2409 2331 2446 haue

160 2482 228 2529 vel
262 2475 415 2527 {itteris
453 2481 605 2524 uostris
636 2482 704 2524 vel
742 2497 919 2538 persona
955 2482 1161 2525 materiam
1197 2483 1275 2524 hoc
1316 2482 1410 2523 loco
1445 2490 1618 2524 tractare
1658 2481 1938 2530 decrevimus,
1980 2485 2023 2517 ut
2056 2478 2329 2529 ostendamus,

160 2556 260 2612 quid
280 2557 450 2598 'taudem
479 2557 531 2596 sit
558 2556 660 2596 illud
687 2540 773 2607 rei,
803 2557 915 2611 quod
939 2541 1107 2597 Scottus
1135 2571 1157 2596 a
1186 2571 1231 2596 se
1260 2557 1579 2596 demonstratum
1607 2570 1701 2595 esse
1729 2561 1916 2594 autumat.
1972 2550 2172 2590 Versatur
2198 2559 2333 2591 autem

205 2749 238 2786 ι)
264 2746 342 2779 Cic.
368 2744 411 2779 de
436 2744 534 2792 legg.
559 2748 635 2787 ΠΙ,
670 2757 710 2792 ¹5
733 2749 761 2789 ς.
785 2757 827 2791 33
851 2758 927 2793 sqq.

202 2808 240 2842 2)
268 2804 341 2838 The
364 2804 538 2837 Athenian
562 2806 669 2839 balloc
692 2807 763 2838 and
785 2816 888 2839 secret
912 2805 1095 2851 suffrago,
1118 2806 1168 2850 by
1193 2805 1248 2838 the
1272 2804 1357 2838 Rev.
1384 2803 1471 2836 Rob.
1498 2803 1612 2842 Scott,
1639 2801 1696 2833 M.
1721 2803 1763 2834 A.
1792 2800 1911 2832 Fellow
1934 2798 2004 2830 and
2027 2805 2121 2830 tueor
2143 2796 2190 2842 of
2207 2799 2333 2832 Ballio!

287 2862 423 2908 college.
473 2862 614 2907 Oxford
637 2864 1026 2899 MDCCCXXXVHJ.
1889 2914 1941 2951 ¹*
