2535 3250
1118 70 1437 118 ——4—

181 193 316 235 omnis
343 192 434 235 eius
463 192 635 235 libellus
661 192 705 235 in
731 191 979 237 iudiciorum
1006 193 1201 237 duntaxat
1226 193 1459 238 Atticorum
1486 191 1717 251 suffragiis,
1750 189 1851 249 licet
1886 192 1991 235 nihil
2016 193 2234 236 admodum
2267 195 2365 236 haer

182 266 371 322 quaestio
397 266 451 308 ad
478 280 596 320 eam,
636 280 741 323 quae
770 282 898 324 quum
922 267 1098 310 maxime
1124 268 1171 310 in
1196 268 1409 310 Britannia
1434 269 1594 321 fervet,
1633 266 1937 310 contentionem
1962 266 2172 324 pertinere
2199 266 2374 319 dicenda

182 339 253 381 sit.
307 339 407 383 Non
433 340 545 382 enim
572 327 624 382 de
650 340 817 383 iudiciis
845 342 1131 394 contenditur,
1161 341 1236 382 sed
1263 342 1314 383 de
1343 357 1484 383 eorum
1511 341 1741 398 suffragiis,
1769 341 1841 398 qui
1863 340 1915 381 ad
1942 353 2178 397 supremum
2202 353 2389 397 maguae·

182 413 426 456 Britanniae
465 424 653 456 senatum
680 416 886 470 synedros
921 424 1086 457 creant=
1127 416 1377 458 creationem
1410 424 1546 458 autem
1578 416 1711 457 omnis
1741 415 1906 470 generis
1932 414 2238 469 magistratuum
2265 414 2374 467 apud

182 482 472 531 Athenienses
489 487 607 530 nullo
624 493 813 545 tempore
834 475 1010 531 occultis
1037 487 1259 545 suffragiis,
1288 489 1363 531 sed
1383 496 1452 532 aut
1471 495 1581 532 sorte
1598 496 1668 532 aut
1682 487 1884 547 porrectis
1901 485 2088 529 mnibus
2113 484 2375 543 (χειροτονίᾳ)

185 568 398 617 peractam
424 576 520 603 esse
548 563 649 603 satis
676 569 837 604 constat
852 565 908 613 ³).
962 561 1105 602 Nihilo
1129 563 1266 602 secius
1292 569 1428 602 tamen
1444 561 1631 615 Scottus,
1658 569 1799 618 utpote
1825 561 2048 602 acerrimus
2070 560 2202 601 omnis
2224 560 2375 600 occulti

188 634 376 689 suffragii
401 635 689 686 adversarius,
717 636 770 675 iis
798 649 900 688 quas
927 634 1020 688 ipse
1048 636 1262 689 amplexus
1288 642 1353 676 est
1378 636 1563 690 partibus
1591 636 1749 691 aliquid
1780 635 2038 691 profuturum
2064 648 2158 674 esse
2186 632 2374 682 credidit,

188 706 228 747 si
254 706 420 748 occulta
447 706 629 762 suffragii
662 706 788 757 latio,
829 721 956 763 quum
993 706 1181 749 usitatam
1213 707 1320 748 hanc
1354 707 1400 748 in
1433 707 1599 750 iudiciis
1624 706 1944 754 Atheniensium
1968 706 2099 748 fuisse
2126 704 2268 762 negari
2295 719 2377 746 non

188 780 348 835 possit,
388 794 509 835 quam
535 777 840 835 angustissimis
866 779 1013 820 saltem
1038 784 1270 835 temporum
1296 780 1484 828 terminis
1511 780 1795 822 includeretur
1821 788 1863 823 et
1887 780 1939 822 ad
1973 786 2188 835 corruptae
2216 779 2378 820 demum

190 860 235 893 et
266 853 507 907 depravatae
551 851 614 892 rei
649 852 844 906 publicae
881 851 1069 893 instituta
1105 853 1412 905 mandaretur,
1463 867 1589 909 quum
1633 853 1877 908 praesertim
1911 853 2162 895 diversarum
2204 851 2376 908 partium

190 925 450 976 defensores,
478 924 605 980 inque
632 924 698 966 bis
722 925 776 965 E.
805 923 857 964 L.
884 923 1147 977 Bnlwerum,
1176 925 1311 966 virum
1338 925 1526 966 doctrina
1547 932 1589 966 et
1613 925 1783 980 ingenio
1808 925 2030 975 illustrem,
2059 926 2178 970 aliter
2202 932 2376 967 statuere

190 998 373 1049 videret,
413 1011 537 1053 quem
574 996 823 1052 redarguere
861 1002 904 1038 et
929 997 1084 1039 erroris
1112 996 1362 1037 convincere
1391 996 1513 1037 etiam
1551 996 1597 1036 in
1622 1010 1669 1036 re
1695 996 1876 1037 levicula
1903 997 2016 1037 iuvet
2041 1011 2091 1038 ac
2120 999 2232 1038 melli
2255 1000 2310 1039 sit
2320 1001 2377 1050 4).

190 1070 280 1112 Nos
308 1070 409 1126 quid
434 1072 510 1112 hac
538 1070 589 1111 de
617 1085 662 1110 re
689 1083 982 1120 censeremus,
1009 1076 1052 1110 et
1078 1069 1177 1110 olim
1201 1069 1245 1109 in
1274 1069 1383 1110 libro
1408 1068 1460 1109 de
1488 1069 1579 1109 ord.
1606 1068 1695 1109 iud.
1722 1067 1813 1110 Att.
1839 1084 1885 1123 Ρ.
1910 1069 2157 1111 ⁷20-725
2180 1078 2223 1111 et
2245 1085 2379 1126 nuper

190 1143 235 1184 iu
260 1142 485 1198 Antiquitt.
528 1142 608 1183 iur.
647 1142 765 1198 publ.
799 1141 952 1184 Graec.
989 1157 1034 1199 Ρ.
1060 1142 1148 1184 285
1182 1140 1499 1198 proposuimus:
1546 1154 1709 1182 omnem
1745 1140 1791 1182 in
1825 1139 1991 1182 iudiciis
2033 1141 2219 1198 suffragii
2263 1142 2379 1184 latio·

191 1230 289 1256 nem
318 1216 522 1267 occultam
556 1215 712 1266 fuisse,
752 1216 829 1255 sed
860 1215 1028 1256 modum
1065 1215 1154 1255 eius
1189 1229 1274 1255 non
1308 1213 1486 1255 eundem
1518 1214 1630 1254 omni
1662 1220 1849 1269 tempore
1873 1213 2011 1253 autin
2030 1214 2221 1255 omnibus
2243 1214 2379 1256 causis

192 1288 480 1340 observatnm3
508 1287 835 1343 scripsimusque
870 1288 926 1329 itu
961 1288 1082 1328 etiam
1112 1295 1210 1343 post
1245 1287 1406 1328 doctam
1431 1287 1541 1328 Lud.
1569 1286 1714 1328 Rossii
1747 1286 2079 1339 dissertationem
2096 1290 2169 1339 ⁸),
2204 1301 2229 1328 a
2259 1287 2405 1331 nobis.

190 1361 293 1417 ipsis
328 1361 372 1401 in
407 1359 509 1402 Ant.
545 1360 575 1401 i.
609 1374 654 1415 Ρ.
691 1367 1048 1402 commemoratam
1084 1367 1126 1402 et
1160 1359 1306 1402 Scotto
1344 1374 1510 1416 quoque
1542 1359 1673 1416 probe
1708 1366 1872 1413 notam,
1916 1360 2071 1416 quippe
2108 1360 2181 1417 qui
2212 1361 2259 1402 iu
2289 1360 2381 1417 plu·

190 1434 304 1474 rimis
338 1434 463 1474 rebus
498 1441 580 1474 tam
613 1433 834 1488 insigniter
868 1448 963 1475 cum
988 1435 1144 1476 Rossio
1179 1434 1415 1488 conspiret,
1452 1440 1497 1474 ut
1533 1433 1679 1474 merito
1706 1433 1897 1485 dubites,
1942 1448 2065 1488 quam
2098 1433 2204 1476 illud
2237 1449 2381 1476 verum

194 1507 271 1558 sit,
300 1506 410 1562 quod
437 1521 480 1562 Ρ.
506 1507 564 1547 10
591 1506 833 1562 profitetur,
870 1507 953 1549 sibi
976 1509 1081 1548 banc
1110 1507 1439 1548 dissertationem
1465 1520 1550 1547 non
1576 1506 1806 1548 innotuisse
1833 1506 1917 1547 nisi
1952 1508 2077 1563 „just
2114 1514 2159 1548 at
2185 1506 2252 1548 the
2277 1508 2382 1549 close

193 1579 244 1635 of
261 1580 324 1621 his
350 1595 441 1621 own
466 1580 762 1620 researches.“
813 1580 879 1621 Ne
905 1595 1016 1621 nunc
1044 1580 1237 1636 quidem,
1273 1580 1460 1635 perlecto
1487 1577 1623 1621 Scotti
1646 1579 1817 1631 libello,
1857 1580 2082 1635 quidquam
2107 1595 2201 1622 esse
2227 1581 2381 1622 iudica·

193 1667 311 1704 mus,
350 1653 459 1707 quod
486 1668 510 1692 a
543 1660 684 1693 vetere
722 1653 927 1693 sententia
954 1667 1031 1693 nos
1060 1652 1288 1701 dimoveat,
1328 1666 1517 1706 quaeque
1545 1667 1651 1693 nova
1678 1653 1729 1692 ab
1757 1667 1808 1692 eo
1833 1654 2080 1704 afferuntur,
2114 1654 2218 1694 haec
2246 1653 2381 1694 omnia

194 1733 263 1767 aut
289 1741 390 1767 vana
416 1734 457 1767 et
482 1725 769 1776 incredibilia,
797 1733 865 1768 aut
891 1726 987 1767 talia
1014 1741 1107 1767 esse
1137 1739 1381 1775 censemus,
1422 1724 1572 1780 quibus
1599 1725 1704 1766 nibil
1731 1726 1834 1767 certi
1860 1714 2113 1768 conficiatur.
2166 1726 2246 1769 Est
2272 1726 2381 1768 euim

195 1813 351 1841 summa
378 1796 613 1839 Scottianae
642 1799 931 1853 disputationis
957 1800 1058 1839 baec
1086 1799 1175 1838 fere
1192 1817 1203 1839 ι
1233 1797 1436 1838 occultam
1464 1798 1650 1854 suffragii
1675 1798 1870 1841 lationem
1897 1801 1940 1841 in
1963 1800 2128 1842 iudiciis
2153 1798 2381 1841 Athenien·

195 1873 299 1913 sium
325 1873 494 1913 florente
521 1887 565 1911 rc
594 1872 762 1926 publica
787 1887 873 1912 non
900 1887 993 1912 esse
1022 1879 1254 1926 usurpatum
1269 1899 1283 1922 ,
1318 1871 1393 1912 sed
1420 1886 1513 1912 sero
1540 1870 1728 1924 demum,
1756 1879 1974 1929 postquam
2001 1874 2151 1915 abolita
2176 1871 2298 1913 XXX
2321 1879 2382 1928 ty·

195 1953 412 1980 munorum
441 1942 714 1986 dominatione
753 1946 923 1985 libertas
953 1944 1101 1999 partim
1136 1944 1347 1985 veteribus
1383 1944 1548 2000 legibus
1585 1945 1785 1985 restitutis
1813 1945 1961 2001 partim
1987 1947 2107 1988 novis
2143 1946 2238 1988 latis
2264 1946 2383 2001 quasi

198 2013 332 2053 denuo
367 2015 626 2068 fundaretur,
668 2033 820 2059 novum
857 2020 967 2058 hunc
1004 2033 1161 2058 morem
1189 2018 1233 2057 in
1266 2017 1419 2058 iudicia
1452 2017 1662 2058 invectum
1696 2031 1815 2071 esse3
1854 2033 1993 2074 neque
2028 2033 2127 2060 vero
2165 2019 2210 2060 id
2243 2019 2382 2075 aliquo

197 2087 341 2141 populi
376 2091 478 2131 scito
506 2106 551 2132 ac
587 2092 682 2147 lege
709 2092 754 2132 in
782 2090 959 2132 comitiis
987 2098 1056 2131 sut
1087 2091 1196 2146 apud
1221 2092 1478 2132 nomothetas
1504 2080 1687 2146 perlata,
1725 2091 1801 2131 sed
1839 2091 1961 2132 unius
1999 2092 2178 2133 hominis
2203 2106 2383 2149 nequam

239 2252 278 2294 3)
308 2251 404 2286 Nam
436 2254 627 2287 mirificam
650 2255 765 2302 Angli
797 2256 923 2290 nescio
955 2255 1062 2289 cuiun
1094 2254 1313 2299 opinionem
1345 2254 1411 2295 (in
1440 2253 1511 2288 Tha
1528 2254 1674 2297 jour-nal
1696 2252 1741 2296 of
1764 2254 1948 2290 education
1977 2267 2039 2290 no¹
2060 2265 2084 2299 5
2105 2267 2142 2302 p.
2167 2257 2277 2298 ²18),
2308 2255 2383 2293 τοῦς

326 2309 512 2351 κληρωτούς
534 2311 693 2355 ἄρχοντας
726 2326 798 2346 non
822 2324 918 2347 sorte
944 2313 1005 2346 sed
1029 2312 1218 2358 suffragiis
1243 2311 1397 2346 occultis
1422 2322 1560 2345 creatos
1584 2325 1683 2353 esse,
1715 2314 1801 2346 satis
1833 2313 2011 2347 refutavit
2042 2314 2161 2359 ipsius
2191 2314 2383 2361 popularis

328 2367 374 2400 G.
399 2366 440 2400 C.
464 2368 625 2409 L(ewis)
650 2370 689 2402 in
713 2370 842 2404 Museo
866 2369 1003 2416 philol.
1027 2369 1196 2403 cantabr.
1220 2381 1283 2403 no.
1308 2370 1344 2401 11
1366 2381 1401 2416 Ρ.
1425 2375 1490 2412 420
1513 2382 1591 2416 sqq.

238 2425 276 2468 4)
300 2426 415 2458 scon.
441 2437 476 2469 p.
499 2427 561 2466 38:
596 2426 687 2465 „tho
709 2432 872 2462 asser-tion
896 2428 942 2473 os
958 2442 981 2460 a
1003 2437 1163 2468 senator,
1185 2444 1229 2454 -—·
1252 2428 1326 2461 who
1349 2431 1378 2461 is
1401 2428 1472 2462 also
1496 2441 1518 2461 a
1540 2421 1708 2462 hiseor'ian
1732 2427 1779 2472 of
1795 2428 1924 2463 Greece
1944 2446 2009 2470 —-,
2040 2429 2118 2462 chat
2139 2430 2196 2462 the
2219 2429 2307 2472 first
2328 2439 2384 2464 ace

327 2481 373 2525 of
390 2481 447 2514 the
475 2482 605 2526 Thirty
632 2484 789 2528 Tyrants
807 2499 875 2519 was
897 2497 933 2521 to
957 2486 1146 2520 overthrow
1170 2486 1227 2518 tho
1249 2485 1357 2519 balloc
1381 2487 1451 2518 ami
1473 2488 1631 2519 institute
1661 2486 1717 2519 the
1740 2499 1829 2530 open
1852 2495 1942 2520 vote.
1985 2488 2019 2519 Ie
2041 2486 2155 2519 would
2174 2486 2325 2530 perhaps
2345 2487 2385 2523 be

326 2538 430 2571 harsh
462 2548 498 2572 to
529 2552 596 2584 say
627 2540 672 2583 of
697 2554 717 2572 a
747 2543 890 2576 member
919 2542 964 2586 of
987 2542 1043 2574 the
1067 2543 1179 2576 House
1203 2542 1249 2587 of
1269 2544 1471 2583 Commoris,
1504 2543 1579 2575 that
1607 2544 1649 2576 he
1677 2545 1858 2587 presumed
1887 2555 1933 2578 on
1963 2543 2019 2576 the
2048 2546 2234 2588 ignoratiae
2263 2542 2310 2588 of
2333 2543 2386 2579 his

325 2596 480 2633 hearers:
512 2597 573 2629 hut
596 2597 636 2628 he
659 2599 719 2630 did
742 2613 779 2632 as
801 2601 877 2633 bold
901 2615 922 2632 a
945 2602 1044 2645 thing
1066 2605 1103 2633 in
1133 2603 1332 2645 presuming
1356 2614 1399 2634 οη
1430 2602 1481 2633 his
1510 2614 1586 2634 own
1614 2601 1823 2646 knowledge.
1835 2605 1862 2622 ‘⁴
1906 2604 1957 2635 Ac
1987 2614 2032 2634 ne
2057 2601 2141 2645 quis
2164 2601 2207 2634 de
2237 2613 2384 2646 persona

328 2652 495 2686 dubitare
520 2653 660 2698 possit,
693 2654 793 2688 addit
817 2656 856 2688 in
880 2657 1063 2703 margine:
1098 2659 1213 2699 „Mn
1238 2661 1330 2701 (now
1352 2661 1400 2691 sir
1424 2659 1479 2700 E.)
1503 2659 1648 2704 Lytton
1671 2661 1826 2697 Rulwer:
1856 2670 1911 2693 seo
1942 2658 1999 2691 the
2020 2658 2161 2693 Mirr-or
2182 2656 2228 2704 of
2244 2658 2383 2694 Parlia-

327 2721 420 2744 ment
433 2711 502 2756 for
525 2713 663 2745 Session
690 2717 773 2756 ¹858
793 2727 828 2757 p.
857 2715 952 2754 1886.
1116 2712 1120 2716 ⁴

237 2771 277 2814 5)
316 2770 422 2803 Ueher
451 2773 528 2802 eino
557 2772 626 2803 Are
657 2771 718 2802 der
741 2772 979 2818 Abstimmung
1011 2776 1047 2807 in
1078 2775 1144 2808 den
1176 2775 1405 2810 Athenischen
1430 2776 1627 2812 Ger-iehan.
1666 2776 1709 2810 in
1737 2774 1891 2812 Seebod·
1921 2785 1957 2812 et
1986 2775 2098 2815 Jahn.
2126 2784 2215 2811 nov·
2246 2775 2382 2813 mutu.

324 2828 463 2876 philol.
487 2838 522 2863 et
544 2828 696 2876 paedag.
720 2829 848 2876 Suppl.
874 2843 889 2863 ι
914 2831 997 2867 fasc.
1021 2843 1043 2876 5
1066 2845 1100 2879 p.
1118 2844 1320 2879 350—357,
